@online{SonarDownloads,
	
	title = {SonarQube 6.5},
	url = {https://www.sonarqube.org/downloads/},
	urldate = {2017-10-04}
}

@online{datenbankSymbol,
	
	title = {Openclipart},
	url = {https://openclipart.org/image/2400px/svg_to_png/94723/db.png},
	urldate = {2017-10-07}
}



@online{VerschScanner,
	
	author = {Ann Campbell},
	title = {Analyzing Source Code},
	date = {2016-03-15},
	url = {https://docs.sonarqube.org/display/SCAN/Analyzing+Source+Code},
	urldate = {2017-10-01}
}



@online{Maven,
	
	title = {Welcome to Apache Maven},
	url = {https://maven.apache.org/},
	urldate = {2017-10-31}
}




@online{BuildTools,
	
	author = {Dominik Mohilo},
	title = {8 Build-Tools im Vergleich...},
	date = {2016-06-10},
	url = {https://jaxenter.de/8-build-tools-im-vergleich-ant-buildr-maven-bazel-buck-gradle-pants-sbt-41627},
	urldate = {2017-10-31}
}




@online{InstallingTheServer,
	
	author = {Olivier Gaudin},
	title = {Installing the Server},
	date = {2016-07-06},
	url = {https://docs.sonarqube.org/display/SONAR/Installing+the+Server},
	urldate = {2017-10-31}
}


@online{GetStarted,
	
	author = {Alexandre Gigleux},
	title = {Get Started in Two Minutes},
	date = {2016-11-24},
	url = {https://docs.sonarqube.org/display/SONAR/Get+Started+in+Two+Minutes},
	urldate = {2017-10-31}
}


@online{Docker,
	
	
	title = {What is Docker},
	url = {https://www.docker.com/what-docker},
	urldate = {2017-10-31}
}



@online{PVSStudio,
	
	
	title = {PVS-Studio analyzer},
	date = {2017-07-28},
	url = {https://www.viva64.com/en/pvs-studio/},
	urldate = {2017-10-28}
}





@book{PraxiswissenSoftwaretest,
	author = {Graham Bath, Judy McKay},
	title = {Praxiswissen Softwaretest - Test Analyst und Technical Test Analyst},
	date = {2011},
	OPTeditor = {editor},
	OPTeditora = {editora},
	OPTeditorb = {editorb},
	OPTeditorc = {editorc},
	OPTtranslator = {translator},
	OPTannotator = {annotator},
	OPTcommentator = {commentator},
	OPTintroduction = {introduction},
	OPTforeword = {foreword},
	OPTafterword = {afterword},
	OPTsubtitle = {subtitle},
	OPTtitleaddon = {titleaddon},
	OPTmaintitle = {maintitle},
	OPTmainsubtitle = {mainsubtitle},
	OPTmaintitleaddon = {maintitleaddon},
	OPTlanguage = {language},
	OPToriglanguage = {origlanguage},
	OPTvolume = {volume},
	OPTpart = {part},
	edition = {2. Auflage},
	OPTvolumes = {volumes},
	OPTseries = {series},
	OPTnumber = {number},
	OPTnote = {note},
	publisher = {dpunkt.verlag},
	
}


@online{TeamscaleFeatures,
	
	
	title = {Zentrale Features},
	date = {2017-07-24},
	url = {https://www.cqse.eu/de/produkte/teamscale/features/},
	urldate = {2017-10-24}
}



@online{PluginLibrary,
	
	
	title = {Plugin Library },
	author = {Freddy Mallet},
	date = {2017-07-07},
	url = {https://docs.sonarqube.org/display/PLUG/Plugin+Library},
	urldate = {2017-10-21}
}



@online{SonarAuthorization,
	
	
	title = {Authorization},
	author = {Ann Campbell},
	date = {2017-06-01},
	url = {https://docs.sonarqube.org/display/SONAR/Authorization},
	urldate = {2017-10-21}
}



@online{MetricDefinitions,
	
	
	title = {Metric Definitions},
	date = {2017-05-31},
	url = {https://docs.sonarqube.org/display/SONAR/Metric+Definitions},
	urldate = {2017-10-21}
}



@online{FindBugs,
	
	
	title = {FindBugs™ Fact Sheet},
	date = {2015-06-03},
	url = {http://findbugs.sourceforge.net/factSheet.html},
	urldate = {2017-10-21}
}




@online{PMD,
	
	
	title = {Welcome to PMD},
	date = {2017-07-01},
	url = {https://pmd.github.io/pmd-5.8.1/},
	urldate = {2017-10-21}
}

@online{CheckStyle,
	
	
	title = {Checkstyle},
	date = {2017-07-01},
	url = {http://checkstyle.sourceforge.net/},
	urldate = {2017-10-21}
}

@online{CentralizeQuality,
	
	
	title = {Centralize Quality },
	author = {SonarSource},
	date = {2017-07-21},
	url = {https://www.sonarqube.org/features/centralization/},
	urldate = {2017-10-21}
}





@online{ContinuousInspection,
	
	
	title = {Continuous Inspection },
	author = {SonarSource},
	date = {2017-07-21},
	url = {https://www.sonarqube.org/features/clean-code/},
	urldate = {2017-10-21}
}



@online{bitkom,
	
	
	title = {Was Industrie 4.0 (für uns) ist},
	author = {Wolfgang Dorst},
	date = {2017-07-21},
	url = {https://www.bitkom.org/Themen/Digitale-Transformation-Branchen/Industrie-40/Was-ist-Industrie-40-2.html},
	urldate = {2017-10-21}
}



@booklet{windowsDeveloper,
	author = {Rainer Stropek},
	ALTeditor = {editor},
	title = {Produktiver entwickeln},
	date = {2017-01-01},
	subtitle = {Mit SonarQube in the Loop},
	OPTtitleaddon = {titleaddon},
	OPTlanguage = {language},
	howpublished = {windows.developer Ausgabe Januar 2017},
	OPTtype = {type},
	OPTnote = {note},
	OPTlocation = {location},
	OPTchapter = {chapter},
	OPTpages = {pages},
	OPTpagetotal = {pagetotal},
	OPTaddendum = {addendum},
	OPTpubstate = {pubstate},
	OPTdoi = {doi},
	OPTeprint = {eprint},
	OPTeprintclass = {eprintclass},
	OPTeprinttype = {eprinttype},
	OPTurl = {url},
	OPTurldate = {urldate},
}



@online{Teamscale,
	
	
	title = {Code analysieren},
	date = {2017-07-20},
	url = {https://www.cqse.eu/de/produkte/teamscale/ueberblick/},
	urldate = {2017-10-20}
}





@online{SVIGeschichte,
	
	
	title = {Die Geschichte der SV Informatik},
	date = {2017-07-14},
	url = {https://www.sv-informatik.de/content/unternehmen/#geschichte},
	urldate = {2017-10-14}
}

@online{SVI,
	
	
	title = {Das ist die SV Informatik},
	date = {2017-07-14},
	url = {https://www.sv-informatik.de/content/unternehmen/},
	urldate = {2017-10-14}
}

@book{SonarInAction,
	author = {G. Ann Campbell, Patroklos P. Papapetrou},
	title = {SonarQube in action},
	date = {2014},
	OPTeditor = {editor},
	OPTeditora = {editora},
	OPTeditorb = {editorb},
	OPTeditorc = {editorc},
	OPTtranslator = {translator},
	OPTannotator = {annotator},
	OPTcommentator = {commentator},
	OPTintroduction = {introduction},
	OPTforeword = {foreword},
	OPTafterword = {afterword},
	OPTsubtitle = {subtitle},
	OPTtitleaddon = {titleaddon},
	OPTmaintitle = {maintitle},
	OPTmainsubtitle = {mainsubtitle},
	OPTmaintitleaddon = {maintitleaddon},
	OPTlanguage = {language},
	OPToriglanguage = {origlanguage},
	OPTvolume = {volume},
	OPTpart = {part},
	OPTedition = {edition},
	OPTvolumes = {volumes},
	OPTseries = {series},
	OPTnumber = {number},
	OPTnote = {note},
	publisher = {Manning Publications Co.},

}
@online{QualityGate,
	
		author = {David Racodon},
	title = {Quality Gates},
	date = {2016-12-13},
	url = {https://docs.sonarqube.org/display/SONAR/Quality+Gates},
	urldate = {2017-10-14}
}

@online{QualityProfile,
	
	author = {Ann Campbell},
	title = {Quality Profiles},
	date = {2016-08-02},
	url = {https://docs.sonarqube.org/display/SONAR/Quality+Profiles},
	urldate = {2017-10-14}
}

@online{BugsCodeSmells,
	

	title = {Code Quality},
	date = {2017-10-07},
	url = {https://www.sonarsource.com/why-us/code-quality/},
	urldate = {2017-10-10}
}

@online{DefinitionSonarQubeDoc,
	
	author = {Ann Campbell},
	title = {SonarQube Platform},
	date = {2017-05-01},
	url = {https://docs.sonarqube.org/display/HOME/SonarQube+Platform},
	urldate = {2017-10-05}
}
@online{StartSeiteSonarQube,
	
	title = {The leading product for Continuous Code Quality},
	date = {2017-10-07},
	url = {https://www.sonarqube.org/},
	urldate = {2017-10-10}
}

@online{TheCattleCrew,
	
	
	title = {Analyse der Software-Qualität mit SonarQube},
	date = {2014-31-10},
	url = {https://thecattlecrew.net/2014/10/31/analyse-der-software-qualitat-mit-sonarqube/},
	urldate = {2017-10-10}
}

@online{StatischeCodeanalyse,


	title = {Statische Codeanalyse},
	date = {2017-05-07},
	url = {http://www.verifysoft.com/de_static_code_analysis.html},
	urldate = {2017-10-05}
}
@online{DynamischeCodeanalyse,
	
	
	title = {Dynamische Codeanalyse (IAST)},
	date = {2017-05-07},
	url = {https://www.secodis.com/contrast/},
	urldate = {2017-10-07}
}
@online{BlackWhiteTests,
	
	
	title = {Differences Between Black Box Testing and White Box Testing},
	date = {2017-07-07},
	url = {http://softwaretestingfundamentals.com/differences-between-black-box-testing-and-white-box-testing/},
	urldate = {2017-10-07}
}



@online{SonarQubeDownload,
	author = {SonarSource},
	title = {SonarQube 5.6.6},
	date = {2017-17-02},
	url = {https://www.sonarqube.org/downloads/},
	urldate = {2017-10-06},
}


@online{Triology,
author = {Josha von Gizycki},
	title = {Statische Codeanalyse mit SonarQube},
	date = {2017-22-05},
	url = {https://www.triology.de/blog/statische-codeanalyse-mit-sonarqube},
urldate = {2017-10-06},
}

@online{FindBugsPMDCheckStyle,
author = {Olivier Gaudin},

	title = {What makes Checkstyle, PMD, Findbugs and Macker complementary ?},
	date = {2009-19-02},
	url = {https://blog.sonarsource.com/what-makes-checkstyle-pmd-findbugs-and-macker-complementary/},
urldate = {2017-10-06},
}

@online{dotnetpro,
	author = {Lukas Schwendemann},
	title = {SonarQube for Enterprise },
	date = {2017-15-12},
	url = {http://www.dotnetpro.de/tools/sonarqube-for-enterprise-1178273.html},
urldate = {2017-10-06},
}
@online{SonarSprachen,

	
	title = {20+ Programming Languages},
	date = {2015-22-05},
	url = {https://www.sonarqube.org/features/multi-languages/},
	urldate = {2017-10-06},
}

@online{Merkmale,

	
	title = {ISO/IEC 25010:2011(en)},
	date = {2011-01-01},
	url = {https://www.iso.org/obp/ui/#iso:std:iso-iec:25010:ed-1:v1:en/},
urldate = {2017-10-06},
}
@online{IEEE1061-1998,
	author = {IEEE},

	title = {IEEE 1061-1998},
	date = {2009-01-01},
	url = {https://standards.ieee.org/findstds/standard/1061-1998.html},
urldate = {2017-10-06},
}

@online{EclipseMarketplace,

	
	title = {SonarLint},
	date = {2017-13-06},
	url = {https://marketplace.eclipse.org/content/sonarlint},
urldate = {2017-10-06},
}
@online{EclipseMarketplaceClient,


	title = {Marketplace Client},
	date = {2017-13-06},
	url = {http://www.eclipse.org/mpc/},
urldate = {2017-10-13},
}

@online{SonarLintStart,

	
	title = {sonarlint},
	date = {2017-13-06},
	url = {http://www.sonarlint.org/},
	urldate = {2017-10-13},
}
@online{SonarRequirements,
	author = {Olivier Gaudin},
	
	title = {Requirements},
	date = {2017-15-03},
	url = {https://docs.sonarqube.org/display/SONAR/Requirements},
urldate = {2017-10-05},
}

@online{SonarConnectedMode,
	author = {SonarSource},
	
	title = {SonarLint for Eclipse},
	date = {2017-01-10},
	url = {http://www.sonarlint.org/eclipse/index.html#Connected},
	urldate = {2017-10-14},
}

@online{WebSocketProtokoll,
author={Fette, Ian and Melnikov, Alexey },
title={The WebSocket Protocol},
date={2011-12-01},
url={https://tools.ietf.org/html/rfc6455},
urldate={2017-10-11},
}

@online{Maven2,
title = {Apache Maven Project},
date = {2017-10-7},
url = {https://maven.apache.org/},
urldate = {2017-10-15},
}

@online{SpringWithSTOMPExample,
	title = {Using WebSocket to build an interactive web application},
	date = {2017-01-01},
	url = {https://spring.io/guides/gs/messaging-stomp-websocket/},
	urldate={2017-10-15},
}

@online{Spring,
	title={Spring: the source for modern java},
	date={2017-01-01},
	url={https://spring.io/},
	urldate={2017-10-15},
}

@online{CUBAPlatform,
	title={A high level open source Java web framework 
	for enterprise applications},
	author={{Haulmont Technology Ltd}},
	date={2017-01-01},
	url={https://www.cuba-platform.com/},
	urldate={2017-10-30},
}


